@article{HetCVRP,
	title={Capacitated Vehicle Routing with Non-Uniform Speeds},
	author={GÃ¸rtz, Inge Li and Molinaro, Marco and Nagarajan, Viswanath and Ravi, R.},
	journal   = {CoRR},
	volume    = {abs/1012.1850},
	year      = {2010},
	url       = {http://arxiv.org/abs/1012.1850}
}